<?xml version="1.0" encoding="UTF-8"?><collection xmlns="http://www.loc.gov/MARC21/slim"><record><leader>00605nam--2200193-u-4500</leader><controlfield tag="001">000054526</controlfield><controlfield tag="002">20161230</controlfield><controlfield tag="005">20170205010009</controlfield><controlfield tag="008">120119s1000------------r-----000-0-rum-d</controlfield><datafield ind1=" " ind2=" " tag="040"><subfield code="a">IFIN-HH</subfield></datafield><datafield ind1=" " ind2=" " tag="041"><subfield code="a">rum</subfield></datafield><datafield ind1=" " ind2=" " tag="080"><subfield code="a">515.1:539.12.01</subfield></datafield><datafield ind1="1" ind2=" " tag="100"><subfield code="a">Teleman, Costache</subfield></datafield><datafield ind1="1" ind2="0" tag="245"><subfield code="a">Aplicatii ale topologiei in fizica particulelor elementare</subfield><subfield code="b">Introducere matematica in teoria cuantica a campului</subfield><subfield code="c">C. Teleman, M. Teleman</subfield></datafield><datafield ind1=" " ind2=" " tag="260"><subfield code="a">Bucuresti</subfield><subfield code="b">Editura Stiintifica Si Enciclopedica</subfield><subfield code="c">1976</subfield></datafield><datafield ind1=" " ind2=" " tag="300"><subfield code="a">293 p</subfield></datafield><datafield ind1="1" ind2=" " tag="700"><subfield code="a">Teleman, Mihaela</subfield></datafield><datafield ind1=" " ind2=" " tag="852"><subfield code="a">75878</subfield><subfield code="c">539.12</subfield></datafield><datafield ind1=" " ind2=" " tag="CAT"><subfield code="a">SYS</subfield><subfield code="c">20170205</subfield><subfield code="h">010009</subfield></datafield></record></collection>